@inproceedings{Oney:2012:CPI:2380116.2380146,
 author = {Oney, Stephen and Myers, Brad and Brandt, Joel},
 title = {ConstraintJS: Programming Interactive Behaviors for the Web by Integrating Constraints and States},
 booktitle = {Proceedings of the 25th Annual ACM Symposium on User Interface Software and Technology},
 series = {UIST '12},
 year = {2012},
 isbn = {978-1-4503-1580-7},
 location = {Cambridge, Massachusetts, USA},
 pages = {229--238},
 numpages = {10},
 url = {http://doi.acm.org/10.1145/2380116.2380146},
 doi = {10.1145/2380116.2380146},
 acmid = {2380146},
 publisher = {ACM},
 address = {New York, NY, USA},
 keywords = {bindings, constraints, finite-state machines, user interface technology, web development},
}

@online{WhoMovedMyState,
  author = {Samek, Miro},
  title = {Who moved my state},
  year = {2003},
  howpublished = {\url{http://www.drdobbs.com/who-moved-my-state/184401643}},
  urldate = {2013-10-30}
}


@article{WebSpec,
author = {Robles Luna, Esteban and Rossi, Gustavo and Garrigós, Irene},
title = {WebSpec: a visual language for specifying interaction and navigation requirements in web applications},
year = {2011},
journal = {Requirements Engineering}
}

@article{Diaz:Client-Side,
author = {Díaz, Óscar and Arellano, Cristobal and Iturrioz, Jon},
title = {Client-Side Personalization through Web Augmentation:
Rationales & Development},
year = {2013}
}

@book{WikiLatex,
author = {Roberts, Andy},
title = {LaTeX Wikibook},
year = {2014},
howpublished = {\url{http://en.wikibooks.org/wiki/LaTeX}},
}


@article{InterState,
author = {Oney, Stephen and Myers, Brad and Brandt, Joel},
title = {InterState: Interaction-Oriented Language
Primitives for Expressing GUI Behavior},
year = {2014},
journal = {CHI ACM Conference}
}

@unpublished{ICWEWebMakeUp,
author = {Díaz, Oscar and Arellano, Cristóbal and Aldalur, Iñigo and Medina, Haritz and Firmenich, Sergio},
title = {Layman Web Augmentation Through Widget Mining and Widget Inlaying},
year = {2014},
note = {ICWE 2014 Conference}
}

@unpublished{WISEWebMakeUp,
author = {Díaz, Oscar and Arellano, Cristóbal and Aldalur, Iñigo and Medina, Haritz and Firmenich, Sergio},
title = {Towards the Personal Web: Empowering People To Customize Web Content},
year = {2014},
note = {WISE Qatar 2014 Conference}
}



% line in order to check if utf-8 is properly configured: áéíóúñ
